@misc{earnit,
  title     = {The {EARN IT} act is back, and it's more dangerous than ever},
  url       = {https://cyberlaw.stanford.edu/blog/2022/02/earn-it-act-back-and-it%E2%80%99s-more-dangerous-ever},
  journal   = {Center for Internet and Society},
  publisher = {Stanford Law School},
  author    = {Pfefferkorn, Riana},
  year      = {2022},
  month     = {Feb}
}
@misc{nyt,
  title     = {F.B.I. asks Apple to help unlock two {iPhones}},
  url       = {https://www.nytimes.com/2020/01/07/technology/apple-fbi-iphone-encryption.html},
  journal   = {The New York Times},
  publisher = {The New York Times},
  author    = {Nicas, Jack and Benner, Katie},
  year      = {2020},
  month     = {Jan}
}
@misc{protonmail,
  title     = {What is an encryption backdoor?},
  url       = {https://protonmail.com/blog/encryption-backdoor/},
  journal   = {ProtonMail Blog},
  publisher = {Proton Technologies AG},
  author    = {Wolford, Ben},
  year      = {2021},
  month     = {Aug}
}
@misc{wannacry,
  title     = {Hackers hit dozens of countries exploiting stolen N.S.A. Tool},
  url       = {https://www.nytimes.com/2017/05/12/world/europe/uk-national-health-service-cyberattack.html},
  journal   = {The New York Times},
  publisher = {The New York Times},
  author    = {Perlroth, Nicole and Sanger, David E},
  year      = {2017},
  month     = {May}
}
