@movie{documentary,
  title     = {The Internet's Own Boy: The Story of Aaron Swartz},
  director  = {Brian Knappenberger},
  place     = {United States},
  url       = {https://archive.org/details/TheInternetsOwnBoyTheStoryOfAaronSwartz},
  journal   = {Internet Archive},
  publisher = {Participant},
  year      = {2014}
}
@misc{jstor,
  title     = {Summary of events},
  url       = {https://docs.jstor.org/summary.html},
  journal   = {{JSTOR} Evidence in United States vs. Aaron Swartz},
  publisher = {ITHAKA},
  year      = {2013},
  month     = {Jul}
}
@misc{manifesto,
  title   = {Guerilla Open Access Manifesto},
  url     = {https://archive.org/details/GuerillaOpenAccessManifesto},
  journal = {Internet Archive},
  author  = {Swartz, Aaron},
  year    = {2008},
  month   = {Jul}
}
@misc{markdown,
  title     = {Markdown},
  url       = {https://daringfireball.net/projects/markdown/},
  journal   = {Daring Fireball: Markdown},
  publisher = {The Daring Fireball Company LLC},
  author    = {Gruber, John},
  year      = {2004},
  month     = {Dec}
}
 @misc{wired,
  title     = {Feds charge activist as hacker for downloading millions of academic articles},
  url       = {https://www.wired.com/2011/07/swartz-arrest/},
  journal   = {Wired},
  publisher = {Conde Nast},
  author    = {Singel, Ryan},
  year      = {2011},
  month     = {Jul}
}
